% Encoding: UTF-8

@Article{Flintoft2017b,
  author    = {I. D. Flintoft and A. C. Marvin and F. I. Funn and L. Dawson and X. Zhang and M. P. Robinson and J. F. Dawson},
  title     = {Evaluation of the diffusion equation for modelling reverberant electromagnetic fields},
  journal   = {IEEE Transactions on Electromagnetic Compatibility},
  year      = {2017},
  volume    = {59},
  number    = {3},
  pages     = {760-769},
  month     = {June},
  doi       = {10.1109/TEMC.2016.2623356},
  file      = {:pdfs/TEMC59-Flintoft-760.pdf:PDF},
  keywords  = {asymptotic techniques, power balance, absorption cross-section, reverberation chamber, shielding},
  owner     = {idf1},
  postprint = {https://pure.york.ac.uk/portal/files/50375003/TEMC_Flintoft_et_al_postprint.pdf},
  timestamp = {2016.10.25},
}

@Comment{jabref-meta: databaseType:bibtex;}
